<?xml version="1.0" encoding="UTF-8"?><collection xmlns="http://www.loc.gov/MARC21/slim"><record><leader>00572nam--2200193-u-4500</leader><controlfield tag="001">000052568</controlfield><controlfield tag="002">20161230</controlfield><controlfield tag="005">20161230201050</controlfield><controlfield tag="008">100914s1000------------r-----000-0-rus-d</controlfield><datafield ind1=" " ind2=" " tag="040"><subfield code="a">IFIN-HH</subfield></datafield><datafield ind1=" " ind2=" " tag="041"><subfield code="a">rus</subfield></datafield><datafield ind1=" " ind2=" " tag="080"><subfield code="a">533.6.011.72</subfield></datafield><datafield ind1="1" ind2=" " tag="100"><subfield code="a">Ferri, A</subfield></datafield><datafield ind1="1" ind2="0" tag="245"><subfield code="a">Osnovnie rezultati eksperimentov na udarnih trubah</subfield><subfield code="c">A. Ferri (Ed.)</subfield></datafield><datafield ind1=" " ind2=" " tag="260"><subfield code="a">Moskva</subfield><subfield code="b">Atomnoi energii SSSR</subfield><subfield code="c">1963</subfield></datafield><datafield ind1=" " ind2=" " tag="300"><subfield code="a">442 p</subfield></datafield><datafield ind1=" " ind2=" " tag="500"><subfield code="a">Titlul original in lb. engleza: Fundamental Data Obtained from Shock-Tube Experiments</subfield></datafield><datafield ind1=" " ind2=" " tag="852"><subfield code="a">75996</subfield><subfield code="c">533.6</subfield></datafield><datafield ind1=" " ind2=" " tag="CAT"><subfield code="a">Sys</subfield><subfield code="c">20100914</subfield><subfield code="h">121541</subfield></datafield></record></collection>